<record><leader>00000cas a22000007a 4500</leader><controlfield tag="001">13588419</controlfield><controlfield tag="008">860519d19761981wiuwr ne      0    0eng d</controlfield><datafield ind1=" " ind2=" " tag="010"><subfield code="a">sn 86086480 </subfield></datafield><datafield ind1=" " ind2=" " tag="040"><subfield code="a">NPV</subfield><subfield code="b">eng</subfield><subfield code="c">NPV</subfield><subfield code="d">OCLCQ</subfield></datafield><datafield ind1=" " ind2=" " tag="042"><subfield code="a">msc</subfield></datafield><datafield ind1=" " ind2=" " tag="045"><subfield code="a">x7x8</subfield></datafield><datafield ind1=" " ind2=" " tag="052"><subfield code="a">4123</subfield><subfield code="b">W4</subfield></datafield><datafield ind1="0" ind2=" " tag="130"><subfield code="a">West Bend post (West Bend, Wis. : 1976)</subfield></datafield><datafield ind1="1" ind2="0" tag="245"><subfield code="a">West Bend post.</subfield></datafield><datafield ind1=" " ind2=" " tag="260"><subfield code="a">West Bend, Wis. :</subfield><subfield code="b">West Bend News, Inc.,</subfield><subfield code="c">1976-1981.</subfield></datafield><datafield ind1=" " ind2=" " tag="300"><subfield code="a">6 v. :</subfield><subfield code="b">ill.</subfield></datafield><datafield ind1=" " ind2=" " tag="310"><subfield code="a">Weekly</subfield></datafield><datafield ind1="0" ind2=" " tag="362"><subfield code="a">Vol. 27, no. 49 (Dec. 6, 1976)-v. 32, no. 13 (Mar. 29, 1981).</subfield></datafield><datafield ind1=" " ind2=" " tag="500"><subfield code="a">Continued by a periodical of the same title.</subfield></datafield><datafield ind1=" " ind2=" " tag="752"><subfield code="a">United States</subfield><subfield code="b">Wisconsin</subfield><subfield code="c">Washington</subfield><subfield code="d">West Bend.</subfield></datafield><datafield ind1="0" ind2="0" tag="780"><subfield code="t">West Bend post and family shopping guide</subfield><subfield code="w">(DLC)sn 86086479</subfield></datafield></record>